<?xml version="1.0" encoding="UTF-8"?><record xmlns="http://www.loc.gov/MARC21/slim" xmlns:cinclude="http://apache.org/cocoon/include/1.0" xmlns:zs="http://www.loc.gov/zing/srw/">
  <leader>00437cz  a2200121n  4500</leader>
  <controlfield tag="001">n 2011087330</controlfield>
  <controlfield tag="003">DLC</controlfield>
  <controlfield tag="005">20120114075012.0</controlfield>
  <controlfield tag="008">111220n| acannaabn          |n aaa      </controlfield>
  <datafield tag="010" ind1=" " ind2=" ">
    <subfield code="a">n 2011087330</subfield>
  </datafield>
  <datafield tag="040" ind1=" " ind2=" ">
    <subfield code="a">DLC</subfield>
    <subfield code="b">eng</subfield>
    <subfield code="c">DLC</subfield>
    <subfield code="d">DLC</subfield>
  </datafield>
  <datafield tag="100" ind1="1" ind2=" ">
    <subfield code="a">Ćmiel, Stanisław Roman</subfield>
  </datafield>
  <datafield tag="670" ind1=" " ind2=" ">
    <subfield code="a">Charakterystyka epigenetycznych zmian węgla w pokładach w strefach uskokowych Górnośląskiego Zagłębia Węglowego, 2009:</subfield>
    <subfield code="b">t.p. (Stanisław Roman Ćmiel)</subfield>
  </datafield>
</record>